@inproceedings{chou2001empirical,
  title={An empirical study of operating systems errors},
  author={Chou, Andy and Yang, Junfeng and Chelf, Benjamin and Hallem, Seth and Engler, Dawson},
  booktitle={Proceedings of the eighteenth ACM symposium on Operating systems principles},
  pages={73--88},
  year={2001}
}

@inproceedings{ganapathi2006windows,
  title={Windows XP Kernel Crash Analysis.},
  author={Ganapathi, Archana and Ganapathi, Viji and Patterson, David A},
  booktitle={LISA},
  volume={6},
  pages={49--159},
  year={2006}
}

@inproceedings{orgovan2003introduction,
  title={An introduction to driver quality},
  author={Orgovan, Vince and Tricker, Mike},
  booktitle={Microsoft Windows Hardware Engineering Conf},
  year={2003}
}

@inproceedings{alkassar2007,
  title={Formal device and programming model for a serial interface},
  author={Alkassar, Eyad and Hillebrand, Mark and Knapp, Steffen and Rusev, Rostislav and Tverdyshev, Sergey},
  booktitle={Proceedings, 4th International Verification Workshop (VERIFY), Bremen, Germany},
  volume={259},
  pages={4--20},
  year={2007}
}

@inproceedings{duan2010correctness,
  title={Correctness Proofs for Device Drivers in Embedded Systems.},
  author={Duan, Jianjun and Regehr, John},
  booktitle={SSV},
  year={2010}
}

@inproceedings{chen2016toward,
  title={Toward compositional verification of interruptible OS kernels and device drivers},
  author={Chen, Hao and Wu, Xiongnan and Shao, Zhong and Lockerman, Joshua and Gu, Ronghui},
  booktitle={Proceedings of the 37th ACM SIGPLAN Conference on Programming Language Design and Implementation},
  pages={431--447},
  year={2016}
}

 @book{am335x,
 title = {AM335x and AMIC110 Sitara Processors Technical Reference Manual},
 publisher = {Texas Instruments},
 url={https://www.ti.com/lit/ug/spruh73q/spruh73q.pdf}, year={2019}} 
 